@url{reverse_iterator,
	author = {cppreference.com},
	date-added = {2025-04-10 12:00:00 -0500},
	date-modified = {2025-04-10 12:00:00 -0500},
	keywords = {},
	lastchecked = {April 17, 2025},
	title = {\texttt{std::reverse\_iterator}},
	url = {https://en.cppreference.com/w/cpp/iterator/reverse_iterator}
}